11231053634842748554664602725039202485258216165107279904595506458909767823317692460845005580060321311821722766406488616737801828119206239360043795139330545405336297622282860195153415679337708680586775157628430012477535463050297066732803068608037215386616634684772503863264845825138686987893383540241306950809
11231053634842748554664602725039202485258216165107279904595506458909767823317692460845005580060321311821722766406488616737801828119206239360043795139330545405336297622282860195153415679337708680586775157628430012477535463050297066732803068608037215386616634684772503863264845825138686987893383540241306952107
3330735599609400582870821422739649716404957942318513745180543594899039971296886804627515937438100960908034689190100241274199208634343504102292570699809574946475562388152651660349077366045424587494156645536898020421103354695991663788104833295925062602665780489272300800109302969145531191520120226396212258586311531413423729234318139235408772630364863360962569956538157294828897908253411293941992083109054714061487944332064748937625820132829300045854429973454588674165209504984024895678943070107782186621017511090702844143025978133883011194099509764041201844730815248407910851934727569537190741126956934919169587323112846021713240082497922293361133278861087254338474941825201782387150512306648853504233334728724869374536160231455395833163168320336396735842099189148334612557878653099696043276711890194680675817219810524957083013136873362293853496583793918846334239142931680583323492595113576149425823117856558743360803212754501086855260298366432527404701116858901423021504067324873056250482694951337357572706054587564883669066243868508161607567068916069921998818008605578137738237985226821094212758280606080343510634010635084954021459761828853599775157405109256173230262007465800510773720150836053229432685273858830346822732868857
